<?xml version="1.0"?>
<marc:records xmlns:marc="http://www.loc.gov/MARC21/slim" xmlns:xsi="http://www.w3.org/2001/XMLSchema-instance" xsi:schemaLocation="http://www.loc.gov/MARC21/slim http://www.loc.gov/standards/marcxml/schema/MARC21slim.xsd">
  <marc:record>
    <marc:leader>07526nam a2201009Ia 4500</marc:leader>
    <marc:controlfield tag="001">9977571412803681</marc:controlfield>
    <marc:controlfield tag="005">20190829092228.0</marc:controlfield>
    <marc:controlfield tag="006">m     o  c        </marc:controlfield>
    <marc:controlfield tag="007">cr#cn|024aaaba</marc:controlfield>
    <marc:controlfield tag="008">190828s1576    ir p          000 0 per d</marc:controlfield>
    <marc:datafield ind1=" " ind2=" " tag="035">
  <marc:subfield code="a">(OCoLC)1114308310</marc:subfield>
</marc:datafield>
    <marc:datafield ind1=" " ind2=" " tag="035">
  <marc:subfield code="a">(OCoLC)on1114308310</marc:subfield>
</marc:datafield>
    <marc:datafield ind1=" " ind2=" " tag="040">
  <marc:subfield code="a">PAU</marc:subfield>
  <marc:subfield code="b">eng</marc:subfield>
  <marc:subfield code="c">PAU</marc:subfield>
  <marc:subfield code="e">amremm</marc:subfield>
</marc:datafield>
    <marc:datafield ind1=" " ind2="9" tag="099">
  <marc:subfield code="a">Penn Museum NEP30</marc:subfield>
</marc:datafield>
    <marc:datafield ind1="0" ind2=" " tag="100">
  <marc:subfield code="6">880-01</marc:subfield>
  <marc:subfield code="a">Ja&#x304;mi&#x304;,</marc:subfield>
  <marc:subfield code="d">1414-1492.</marc:subfield>
</marc:datafield>
    <marc:datafield ind1="1" ind2="0" tag="240">
  <marc:subfield code="a">Works</marc:subfield>
</marc:datafield>
    <marc:datafield ind1="1" ind2="0" tag="245">
  <marc:subfield code="6">880-02</marc:subfield>
  <marc:subfield code="a">Kulli&#x304;ya&#x304;t-i Ja&#x304;mi&#x304;.</marc:subfield>
</marc:datafield>
    <marc:datafield ind1=" " ind2=" " tag="260">
  <marc:subfield code="a">[Iran?],</marc:subfield>
  <marc:subfield code="c">984 (1576).</marc:subfield>
</marc:datafield>
    <marc:datafield ind1=" " ind2=" " tag="300">
  <marc:subfield code="a">1 online resource (vi, 536 paginated leaves, ii) :</marc:subfield>
  <marc:subfield code="b">illuminations.</marc:subfield>
</marc:datafield>
    <marc:datafield ind1=" " ind2=" " tag="500">
  <marc:subfield code="a">Title from added title (p. 1)</marc:subfield>
</marc:datafield>
    <marc:datafield ind1=" " ind2=" " tag="500">
  <marc:subfield code="a">Pagination: Modern pagination added in pencil, upper outer corners; catchwords every verso, lower left.</marc:subfield>
</marc:datafield>
    <marc:datafield ind1=" " ind2=" " tag="500">
  <marc:subfield code="a">Layout: Written in 25 long lines or 25 lines in four columns.</marc:subfield>
</marc:datafield>
    <marc:datafield ind1=" " ind2=" " tag="500">
  <marc:subfield code="a">Script: Written in nasta&#x2BB;li&#x304;q in black ink; pointed.</marc:subfield>
</marc:datafield>
    <marc:datafield ind1=" " ind2=" " tag="500">
  <marc:subfield code="a">Decoration: Dual-page illuminated first opening in blue, black, red and gold with blue finials reaching into the margins (p. 2-3); illuminated headpieces in gold, blue, red and green before each new work (p. 88, 124, 148, 174, 212, 276, 360, 440, 490, 528, 702, 716, 804, 868, 924, 976, 1006, 1021, 1036, 1051, 1056). Rubrications in red; textblock border ruled in gold, light green, gold and blue with gold rules between columns.</marc:subfield>
</marc:datafield>
    <marc:datafield ind1=" " ind2=" " tag="500">
  <marc:subfield code="a">Binding: Bound in black leather over pasteboard with flap (Type II) with inlaid, gold-stamped central mandorla, two pendants on the vertical axis and cornerpieces. Inside covers have red leather doublure with gold filigree central mandorla and cornerpieces, each set over a polychrome (black, orange, blue, light green) background; matching filigree design on the inside of the flap. Endbands in blue and peach.</marc:subfield>
</marc:datafield>
    <marc:datafield ind1=" " ind2=" " tag="500">
  <marc:subfield code="a">Origin: Portions of the copy completed at different times and not all sections are dated: one section completed in Sha&#x2BB;ba&#x304;n 984 (p. 865) and another section completed at the end of Rajab 984 (p. 1072). One colophon says the copy was made by Ah&#x323;mad Ja&#x304;mi&#x304; (p. 973).</marc:subfield>
</marc:datafield>
    <marc:datafield ind1=" " ind2=" " tag="500">
  <marc:subfield code="a">Dimensions of original manuscript: 352 x 240 (222 x 137) mm bound to 160 x 100 mm.</marc:subfield>
</marc:datafield>
    <marc:datafield ind1=" " ind2=" " tag="500">
  <marc:subfield code="a">Laid, non-European paper; no visible chain lines</marc:subfield>
</marc:datafield>
    <marc:datafield ind1=" " ind2=" " tag="500">
  <marc:subfield code="a">Stamps and owner's notes (p. 1).</marc:subfield>
</marc:datafield>
    <marc:datafield ind1="0" ind2=" " tag="505">
  <marc:subfield code="a">1. p. 2-4: Prose introduction -- 2. p. 4-147: Silsilat al-dhahab -- 3. p. 148-173: Sala&#x304;ma&#x304;n va Absa&#x304;l -- 4. p. 174-211: Tuh&#x323;fat al-ah&#x323;ra&#x304;r -- 5. p. 212-274: Subh&#x323;at al-abra&#x304;r -- 6. p. 276-359: Yu&#x304;suf va Zulaykha&#x304; -- 7. p. 360-438: Layli&#x304; va Majnu&#x304;n -- 8. p. 440-487: Khiradna&#x304;mah-&#x2BC;i Iskandari&#x304; -- 9. p. 490-527: Di&#x304;va&#x304;n-i avval -- 10. p. 528-700: Ghazali&#x304;ya&#x304;t -- 11. p. 702-802: Di&#x304;va&#x304;n-i s&#x332;a&#x304;ni&#x304; -- 12. p. 804-865: Di&#x304;va&#x304;n-i s&#x332;a&#x304;lis&#x332; -- 13. p. 868-921: Baha&#x304;rista&#x304;n -- 14. p. 924-1072: Rasa&#x304;&#x2BC;il-i Ja&#x304;mi&#x304;</marc:subfield>
</marc:datafield>
    <marc:datafield ind1=" " ind2=" " tag="520">
  <marc:subfield code="a">Collection of Ja&#x304;mi&#x304;'s poems and prose writings. A table of contents has been written in (f. 1r) and some titles have been added by a later hand in black ink on the gold cartouches in the headpieces before each new work.</marc:subfield>
</marc:datafield>
    <marc:datafield ind1=" " ind2=" " tag="524">
  <marc:subfield code="a">University of Pennsylvania Museum of Archaeology and Anthropology NEP30</marc:subfield>
</marc:datafield>
    <marc:datafield ind1=" " ind2=" " tag="533">
  <marc:subfield code="a">Electronic reproduction.</marc:subfield>
  <marc:subfield code="b">Philadelphia, Pa. :</marc:subfield>
  <marc:subfield code="c">University of Pennsylvania Libraries,</marc:subfield>
  <marc:subfield code="d">2019.</marc:subfield>
</marc:datafield>
    <marc:datafield ind1=" " ind2=" " tag="534">
  <marc:subfield code="p">Original:</marc:subfield>
  <marc:subfield code="t">Kulli&#x304;ya&#x304;t-i Ja&#x304;mi&#x304; (NEP30),</marc:subfield>
  <marc:subfield code="l">University of Pennsylvania Museum of Archaeology and Anthropology.</marc:subfield>
</marc:datafield>
    <marc:datafield ind1=" " ind2=" " tag="538">
  <marc:subfield code="a">Mode of access: World Wide Web.</marc:subfield>
</marc:datafield>
    <marc:datafield ind1="1" ind2=" " tag="541">
  <marc:subfield code="a">Purchased from Dimitri Andalaft in 1921.</marc:subfield>
</marc:datafield>
    <marc:datafield ind1=" " ind2=" " tag="546">
  <marc:subfield code="a">Persian.</marc:subfield>
</marc:datafield>
    <marc:datafield ind1=" " ind2="0" tag="650">
  <marc:subfield code="a">Persian literature</marc:subfield>
  <marc:subfield code="y">747-1500.</marc:subfield>
</marc:datafield>
    <marc:datafield ind1=" " ind2="0" tag="650">
  <marc:subfield code="a">Persian poetry</marc:subfield>
  <marc:subfield code="y">747-1500.</marc:subfield>
</marc:datafield>
    <marc:datafield ind1=" " ind2="0" tag="650">
  <marc:subfield code="a">Illumination of books and manuscripts, Iranian</marc:subfield>
  <marc:subfield code="v">Specimens.</marc:subfield>
</marc:datafield>
    <marc:datafield ind1=" " ind2="7" tag="655">
  <marc:subfield code="a">Fascimiles.</marc:subfield>
  <marc:subfield code="2">aat</marc:subfield>
</marc:datafield>
    <marc:datafield ind1=" " ind2="7" tag="655">
  <marc:subfield code="a">Notes (documents)</marc:subfield>
  <marc:subfield code="2">aat</marc:subfield>
</marc:datafield>
    <marc:datafield ind1=" " ind2="7" tag="655">
  <marc:subfield code="a">Annotations (Provenance)</marc:subfield>
  <marc:subfield code="2">rbprov</marc:subfield>
</marc:datafield>
    <marc:datafield ind1=" " ind2="7" tag="655">
  <marc:subfield code="a">Stamps (Provenance)</marc:subfield>
  <marc:subfield code="2">rbprov</marc:subfield>
</marc:datafield>
    <marc:datafield ind1=" " ind2="7" tag="655">
  <marc:subfield code="a">Full covers.</marc:subfield>
  <marc:subfield code="2">lobt</marc:subfield>
</marc:datafield>
    <marc:datafield ind1=" " ind2="7" tag="655">
  <marc:subfield code="a">Islamic bindings (Binding)</marc:subfield>
  <marc:subfield code="2">rbbin</marc:subfield>
</marc:datafield>
    <marc:datafield ind1=" " ind2="7" tag="655">
  <marc:subfield code="a">Envelope flaps (features)</marc:subfield>
  <marc:subfield code="2">lobt</marc:subfield>
</marc:datafield>
    <marc:datafield ind1=" " ind2="7" tag="655">
  <marc:subfield code="a">Filigree (features)</marc:subfield>
  <marc:subfield code="2">lobt</marc:subfield>
</marc:datafield>
    <marc:datafield ind1=" " ind2="7" tag="655">
  <marc:subfield code="a">Inlaying.</marc:subfield>
  <marc:subfield code="2">lobt</marc:subfield>
</marc:datafield>
    <marc:datafield ind1=" " ind2="0" tag="655">
  <marc:subfield code="a">Manuscripts, Persian.</marc:subfield>
</marc:datafield>
    <marc:datafield ind1=" " ind2="0" tag="655">
  <marc:subfield code="a">Manuscripts, 16th century.</marc:subfield>
</marc:datafield>
    <marc:datafield ind1="1" ind2=" " tag="700">
  <marc:subfield code="6">880-03</marc:subfield>
  <marc:subfield code="a">Ja&#x304;mi&#x304;, Ah&#x323;mad,</marc:subfield>
  <marc:subfield code="d">active 1576,</marc:subfield>
  <marc:subfield code="e">scribe.</marc:subfield>
</marc:datafield>
    <marc:datafield ind1="1" ind2=" " tag="700">
  <marc:subfield code="a">Andalaft, Dimitri,</marc:subfield>
  <marc:subfield code="e">bookseller.</marc:subfield>
</marc:datafield>
    <marc:datafield ind1="0" ind2="2" tag="740">
  <marc:subfield code="6">880-04</marc:subfield>
  <marc:subfield code="a">Silsilat al-dhahab.</marc:subfield>
</marc:datafield>
    <marc:datafield ind1="0" ind2="2" tag="740">
  <marc:subfield code="6">880-05</marc:subfield>
  <marc:subfield code="a">Sala&#x304;ma&#x304;n va Absa&#x304;l.</marc:subfield>
</marc:datafield>
    <marc:datafield ind1="0" ind2="2" tag="740">
  <marc:subfield code="6">880-06</marc:subfield>
  <marc:subfield code="a">Tuh&#x323;fat al-ah&#x323;ra&#x304;r.</marc:subfield>
</marc:datafield>
    <marc:datafield ind1="0" ind2="2" tag="740">
  <marc:subfield code="6">880-07</marc:subfield>
  <marc:subfield code="a">Subh&#x323;a&#x304;t al-abra&#x304;r.</marc:subfield>
</marc:datafield>
    <marc:datafield ind1="0" ind2="2" tag="740">
  <marc:subfield code="6">880-08</marc:subfield>
  <marc:subfield code="a">Yu&#x304;suf va Zulaykha&#x304;.</marc:subfield>
</marc:datafield>
    <marc:datafield ind1="0" ind2="2" tag="740">
  <marc:subfield code="6">880-09</marc:subfield>
  <marc:subfield code="a">Layli&#x304; va Majnu&#x304;n.</marc:subfield>
</marc:datafield>
    <marc:datafield ind1="0" ind2="2" tag="740">
  <marc:subfield code="6">880-10</marc:subfield>
  <marc:subfield code="a">Khiradna&#x304;mah-&#x2BC;i Iskandari&#x304;.</marc:subfield>
</marc:datafield>
    <marc:datafield ind1="0" ind2="2" tag="740">
  <marc:subfield code="6">880-11</marc:subfield>
  <marc:subfield code="a">Di&#x304;va&#x304;n-i avval.</marc:subfield>
</marc:datafield>
    <marc:datafield ind1="0" ind2="2" tag="740">
  <marc:subfield code="6">880-12</marc:subfield>
  <marc:subfield code="a">Ghazali&#x304;ya&#x304;t.</marc:subfield>
</marc:datafield>
    <marc:datafield ind1="0" ind2="2" tag="740">
  <marc:subfield code="6">880-13</marc:subfield>
  <marc:subfield code="a">Di&#x304;va&#x304;n-i s&#x332;a&#x304;ni&#x304;.</marc:subfield>
</marc:datafield>
    <marc:datafield ind1="0" ind2="2" tag="740">
  <marc:subfield code="6">880-14</marc:subfield>
  <marc:subfield code="a">Di&#x304;va&#x304;n-i s&#x332;a&#x304;lis&#x332;.</marc:subfield>
</marc:datafield>
    <marc:datafield ind1="0" ind2="2" tag="740">
  <marc:subfield code="6">880-15</marc:subfield>
  <marc:subfield code="a">Baha&#x304;rista&#x304;n.</marc:subfield>
</marc:datafield>
    <marc:datafield ind1="0" ind2="2" tag="740">
  <marc:subfield code="6">880-16</marc:subfield>
  <marc:subfield code="a">Rasa&#x304;&#x2BC;il-i Ja&#x304;mi&#x304;.</marc:subfield>
</marc:datafield>
    <marc:datafield ind1=" " ind2=" " tag="852">
  <marc:subfield code="b">Kislak Center for Special Collections, Rare Books and Manuscripts</marc:subfield>
  <marc:subfield code="a">University of Pennsylvania</marc:subfield>
  <marc:subfield code="e">3420 Walnut Street, Philadelphia, Pennsylvania 19104-6206</marc:subfield>
  <marc:subfield code="j">Penn Museum NEP30</marc:subfield>
</marc:datafield>
    <marc:datafield ind1="4" ind2="1" tag="856">
  <marc:subfield code="z">Digital facsimile in OPenn</marc:subfield>
  <marc:subfield code="u">http://openn.library.upenn.edu/Data/0016/html/NEP30.html</marc:subfield>
</marc:datafield>
    <marc:datafield ind1="0" ind2=" " tag="880">
  <marc:subfield code="6">100-01//r</marc:subfield>
  <marc:subfield code="a">&#x62C;&#x627;&#x645;&#x649;&#x60C;</marc:subfield>
  <marc:subfield code="d">1414-1492.</marc:subfield>
</marc:datafield>
    <marc:datafield ind1="1" ind2="0" tag="880">
  <marc:subfield code="6">245-02//r</marc:subfield>
  <marc:subfield code="a">&#x6A9;&#x644;&#x64A;&#x627;&#x62A; &#x62C;&#x627;&#x645;&#x649;.</marc:subfield>
</marc:datafield>
    <marc:datafield ind1="1" ind2=" " tag="880">
  <marc:subfield code="6">700-03//r</marc:subfield>
  <marc:subfield code="a">&#x62C;&#x627;&#x645;&#x649;&#x60C; &#x627;&#x62D;&#x645;&#x62F;&#x60C;</marc:subfield>
  <marc:subfield code="d">active 1576&#x60C;</marc:subfield>
  <marc:subfield code="e">scribe.</marc:subfield>
</marc:datafield>
    <marc:datafield ind1="0" ind2="2" tag="880">
  <marc:subfield code="6">740-04//r</marc:subfield>
  <marc:subfield code="a">&#x633;&#x644;&#x633;&#x644;&#x629; &#x627;&#x644;&#x630;&#x647;&#x628;.</marc:subfield>
</marc:datafield>
    <marc:datafield ind1="0" ind2="2" tag="880">
  <marc:subfield code="6">740-05//r</marc:subfield>
  <marc:subfield code="a">&#x633;&#x644;&#x627;&#x645;&#x627;&#x646; &#x648; &#x627;&#x628;&#x633;&#x627;&#x644;.</marc:subfield>
</marc:datafield>
    <marc:datafield ind1="0" ind2="2" tag="880">
  <marc:subfield code="6">740-06//r</marc:subfield>
  <marc:subfield code="a">&#x62A;&#x62D;&#x641;&#x629; &#x627;&#x644;&#x627;&#x62D;&#x631;&#x627;&#x631;.</marc:subfield>
</marc:datafield>
    <marc:datafield ind1="0" ind2="2" tag="880">
  <marc:subfield code="6">740-07//r</marc:subfield>
  <marc:subfield code="a">&#x633;&#x628;&#x62D;&#x627;&#x62A; &#x627;&#x644;&#x627;&#x628;&#x631;&#x627;&#x631;.</marc:subfield>
</marc:datafield>
    <marc:datafield ind1="0" ind2="2" tag="880">
  <marc:subfield code="6">740-08//r</marc:subfield>
  <marc:subfield code="a">&#x64A;&#x648;&#x633;&#x641; &#x648; &#x632;&#x644;&#x64A;&#x62E;&#x627;.</marc:subfield>
</marc:datafield>
    <marc:datafield ind1="0" ind2="2" tag="880">
  <marc:subfield code="6">740-09//r</marc:subfield>
  <marc:subfield code="a">&#x644;&#x64A;&#x644;&#x649; &#x648; &#x645;&#x62C;&#x646;&#x648;&#x646;.</marc:subfield>
</marc:datafield>
    <marc:datafield ind1="0" ind2="2" tag="880">
  <marc:subfield code="6">740-10//r</marc:subfield>
  <marc:subfield code="a">&#x62E;&#x631;&#x62F;&#x646;&#x627;&#x645;&#x6C0; &#x627;&#x633;&#x6A9;&#x646;&#x62F;&#x631;&#x649;.</marc:subfield>
</marc:datafield>
    <marc:datafield ind1="0" ind2="2" tag="880">
  <marc:subfield code="6">740-11//r</marc:subfield>
  <marc:subfield code="a">&#x62F;&#x64A;&#x648;&#x627;&#x646; &#x627;&#x648;&#x644;.</marc:subfield>
</marc:datafield>
    <marc:datafield ind1="0" ind2="2" tag="880">
  <marc:subfield code="6">740-12//r</marc:subfield>
  <marc:subfield code="a">&#x63A;&#x632;&#x644;&#x64A;&#x627;&#x62A;.</marc:subfield>
</marc:datafield>
    <marc:datafield ind1="0" ind2="2" tag="880">
  <marc:subfield code="6">740-13//r</marc:subfield>
  <marc:subfield code="a">&#x62F;&#x64A;&#x648;&#x627;&#x646; &#x62B;&#x627;&#x646;&#x649;.</marc:subfield>
</marc:datafield>
    <marc:datafield ind1="0" ind2="2" tag="880">
  <marc:subfield code="6">740-14//r</marc:subfield>
  <marc:subfield code="a">&#x62F;&#x64A;&#x648;&#x627;&#x646; &#x62B;&#x627;&#x644;&#x62B;.</marc:subfield>
</marc:datafield>
    <marc:datafield ind1="0" ind2="2" tag="880">
  <marc:subfield code="6">740-15//r</marc:subfield>
  <marc:subfield code="a">&#x628;&#x647;&#x627;&#x631;&#x633;&#x62A;&#x627;&#x646;.</marc:subfield>
</marc:datafield>
    <marc:datafield ind1="0" ind2="2" tag="880">
  <marc:subfield code="6">740-16//r</marc:subfield>
  <marc:subfield code="a">&#x631;&#x633;&#x627;&#x626;&#x644; &#x62C;&#x627;&#x645;&#x649;.</marc:subfield>
</marc:datafield>
    <marc:datafield ind1=" " ind2=" " tag="948">
  <marc:subfield code="h">HELD BY PAU - 0 OTHER HOLDINGS</marc:subfield>
</marc:datafield>
    <marc:datafield ind1=" " ind2=" " tag="994">
  <marc:subfield code="a">Z0</marc:subfield>
  <marc:subfield code="b">PAU</marc:subfield>
</marc:datafield>
    <marc:datafield ind1=" " ind2=" " tag="996">
  <marc:subfield code="a">hinge-right</marc:subfield>
</marc:datafield>
    <marc:holdings>
      <marc:holding>
        <marc:holding_id>22597835580003681</marc:holding_id>
        <marc:call_number>Penn Museum NEP30</marc:call_number>
        <marc:library>KislakCntr</marc:library>
        <marc:location>scmsw</marc:location>
      </marc:holding>
    </marc:holdings>
  </marc:record>
</marc:records>
